@article{node,
    Author = {Ricky T. Q. Chen and Yulia Rubanova and Jesse Bettencourt and David Duvenaud},
    Title = {Neural Ordinary Differential Equations},
    Year = {2018},
    Eprint = {1806.07366},
    Eprinttype = {arXiv},
}

@article{micro15,
    Author = {Kaiming He and Xiangyu Zhang and Shaoqing Ren and Jian Sun},
    Title = {Deep Residual Learning for Image Recognition},
    Year = {2015},
    Eprint = {1512.03385},
    Eprinttype = {arXiv},
}

@online{brown17,
    author = "Sanderson, Grant",
    title = "But what *is* a Neural Network?",
    year = 2017,
    organization = {@3blue1brown},
    url = {https://www.youtube.com/watch?v=aircAruvnKk}
}

@online{brown19,
    author = "Sanderson, Grant",
    title = "Overview of differential equations",
    year = 2019,
    organization = {@3blue1brown},
    url = {https://www.youtube.com/watch?v=p_di4Zn4wz4}
}

@online{wode,
   author = "Wikipedia",
   title = "{Ordinary differential equation} --- {W}ikipedia{,} The Free Encyclopedia",
   url = {http://en.wikipedia.org/w/index.php?title=Ordinary\%20differential\%20equation&oldid=887890130},
   note = "[Online; accessed 09-April-2019]"
 }

@online{wfe,
   author = "Wikipedia",
   title = "{Functional equation} --- {W}ikipedia{,} The Free Encyclopedia",
   url = {http://en.wikipedia.org/w/index.php?title=Functional\%20equation&oldid=885356474},
   note = "[Online; accessed 09-April-2019]"
 }

@online{wrk,
    author = "Wikipedia",
    title = "{Runge-Kutta methods} --- {W}ikipedia{,} The Free Encyclopedia",
    url = {https://en.wikipedia.org/wiki/Runge%E2%80%93Kutta_methods},
    note = "[Online; accessed 09-April-2019]"
}

@online{softmath,
    author = {{End of Software Patents}},
    title = {Software is math},
    url = {http://en.swpat.org/wiki/Software_is_math},
    note = "[Online; accessed 10-May-2019]"
}

@BOOK{boyce86,
  TITLE = {Elementary Differential Equations and Boundary Value Problems},
  AUTHOR = {William E. Boyce},
  YEAR = {1986}, 
  PUBLISHER = {Wiley},
  edition = 4,
  isbn = 0-471-83824-1
}

@book{stapel,
    title = {De publicatiefabriek. Over de betekenis van de affaire-Stapel},
    author = {Abma, Ruud},
    year = {2013},
    publisher = {Vantilt, Uitgeverij},
    isbn = 9789460041242,
}

@ARTICLE{anode,
       author = {{Dupont}, Emilien and {Doucet}, Arnaud and {Whye Teh}, Yee},
        title = "{Augmented Neural ODEs}",
      journal = {arXiv e-prints},
     keywords = {Statistics - Machine Learning, Computer Science - Machine Learning},
         year = "2019",
        month = "Apr",
          eid = {arXiv:1904.01681},
        pages = {arXiv:1904.01681},
archivePrefix = {arXiv},
       eprint = {1904.01681},
 primaryClass = {stat.ML},
       adsurl = {https://ui.adsabs.harvard.edu/abs/2019arXiv190401681D},
      adsnote = {Provided by the SAO/NASA Astrophysics Data System}
}

@misc{torchdiffeq,
  author = {Ricky Chen},
  title = {PyTorch Implementation of Differentiable ODE Solvers},
  year = {2018},
  publisher = {GitHub},
  journal = {GitHub repository},
  howpublished = {\url{https://github.com/rtqichen/torchdiffeq}},
  commit = {8c6078974786bb4ca879fc35ac74edc27aa82a19}
}

@Article{manifesto,
author="Halffman, Willem and Radder, Hans",
title="The Academic Manifesto: From an Occupied to a Public University",
journal="Minerva",
year="2015",
month="Jun",
day="01",
volume="53",
number="2",
pages="165--187",
issn="1573-1871",
doi="10.1007/s11024-015-9270-9",
url="https://doi.org/10.1007/s11024-015-9270-9"
}

@article{patents,
    author = "Torrance, Andrew W. and Tomlinson, Bill",
    title = "Patents and The Regress of Useful Arts",
    journal = "Columbia Science and Technology Law Review",
    year = "2009",
    volume = "10",
    doi = "10.7916/D8N3038S",
    url = "https://papers.ssrn.com/sol3/papers.cfm?abstract_id=1411328"
}

@article{stallman,
	author = {Richard M. Stallman},
	title ={Did You Say ‘Intellectual Property’? It's a Seductive Mirage},
	journal = {Policy Futures in Education},
	volume = {4},
	number = {4},
	pages = {334-336},
	year = {2006},
	doi = {10.2304/pfie.2006.4.4.334},
	URL = {https://doi.org/10.2304/pfie.2006.4.4.334},
	eprint = {https://doi.org/10.2304/pfie.2006.4.4.334}
}

@article{dora,
	author = {DORA (Declaration on Research Assessment) y Beatriz PARDAL-PELÁEZ},
	title = {Declaración de San Francisco sobre la evaluación de la investigación},
	journal = {Revista ORL},
	volume = {9},
	number = {4},
	year = {2018},
	keywords = {DORA; Declaración de San Francisco sobre Evaluación de Investigación; factore de impacto; altmétricas; evaluación de la investigación},
	issn = {2444-7986},
        url = {http://revistas.usal.es/index.php/2444-7986/article/view/orl.17845}
}
